%% Theorem 3.6 proves that BWCS_d[log^{i - 1} n] is complete for NNC^d(log^i n)
@article{cc97,
  title={On the amount of nondeterminism and the power of verifying},
  author={Cai, L. and Chen, J.},
  journal={SIAM Journal on Computing},
  volume={26},
  number={3},
  pages={733--750},
  year={1997},
  publisher={SIAM}
}

@article{dinur07,
 author = {Dinur, Irit},
 title = {{The PCP theorem by gap amplification}},
 journal = {J. ACM},
 issue_date = {June 2007},
 volume = {54},
 number = {3},
 month = jun,
 year = {2007},
 issn = {0004-5411},
 articleno = {12},
 url = {http://doi.acm.org/10.1145/1236457.1236459},
 doi = {10.1145/1236457.1236459},
 acmid = {1236459},
 publisher = {ACM},
 address = {New York, NY, USA},
 keywords = {Gap amplification, PCP},
}

@article{wolf94,
  title = {Nondeterministic circuits, space complexity and quasigroups},
  author = {Marty J. Wolf},
  journal = {Theoretical Computer Science},
  volume = {125},
  year = {1994},
  pages = {295--313}
}

@book{savage98,
  author = {John E. Savage},
  title = {Models of Computation: Exploring the Power of Computing},
  year = {1998},
  publisher = {Addison-Wesley}
}

@book{ab09,
  author = {Sanjeev Arora and Boaz Barak},
  title = {{Computational Complexity: A Modern Approach}},
  year = {2009},
  isbn = {0521424267},
  publisher = {Cambridge University Press},
  edition = {1},
}

@phdthesis{wolf90,
 author = {Wolf, Marty Joseph},
 title = {Limited nondeterminism in parallel models of computation},
 year = {1990},
 note = {AAI9030818},
 school = {The University of Wisconsin - Madison},
}

@incollection{fs96,
 year={1996},
 isbn={978-3-540-61550-7},
 booktitle={Mathematical Foundations of Computer Science 1996},
 volume={1113},
 series={Lecture Notes in Computer Science},
 editor={{Penczek, Wojciech and Sza\l{}as, Andrzej}},
 doi={10.1007/3-540-61550-4_162},
 title={{(poly(log log n), poly(log log n))--Restricted Verifiers are Unlikely to Exist for Languages in NP}},
 url={http://dx.doi.org/10.1007/3-540-61550-4_162},
 doi={10.1007/3-540-61550-4_162},
 publisher={Springer Berlin Heidelberg},
 author={Fotakis, Dimitris and Spirakis, Paul},
 pages={360--371}
}

@inproceedings{aks87,
  title={{Deterministic simulation in LOGSPACE}},
  author={Ajtai, M. and Koml{\'o}s, J. and Szemer{\'e}di, E.},
  booktitle={{Proceedings of the Nineteenth Annual ACM Symposium on Theory of Computing}},
  pages={132--140},
  year={1987},
  organization={ACM}
}

@inproceedings{gg79,
  title={Explicit constructions of linear size superconcentrators},
  author={Gabber, O. and Galil, Z.},
  booktitle={FOCS},
  volume={20},
  year={1979}
}

@article{trevisan98,
  title={Parallel approximation algorithms by positive linear programming},
  author={Trevisan, L.},
  journal={Algorithmica},
  volume={21},
  number={1},
  pages={72--88},
  year={1998},
  publisher={Springer}
}

@inproceedings{bg94,
  title={Downward separation fails catastrophically for limited nondeterminism classes},
  author={Beigel, R. and Goldsmith, J.},
  booktitle={Proceedings of the Ninth Annual Structure in Complexity Theory Conference},
  year = {1994},
  pages={134--138},
  organization={IEEE}
}
