@article{healy08,
  year=2008,
  issn={1016-3328},
  journal={Computational Complexity},
  volume=17,
  number=1,
  doi={10.1007/s00037-007-0238-5},
  title={Randomness-Efficient Sampling within NC1},
  publisher={SP Birkh√§user Verlag Basel},
  author={Healy, Alexander D.},
  pages={3--37},
}
